@article{patrascu2010power,
  title={The power of simple tabulation hashing},
  author={Patrascu, Mihai and Thorup, Mikkel},
  journal={arXiv preprint arXiv:1011.5200},
  year={2010}
}
@misc{chicken,
  title={{CHICKEN} Scheme},
  author={Felix Winkelmann et al.},
  url={http://www.call-cc.org/}
}
@misc{opencl2011opencl,
  title={The OpenCL specification, version 1.2, revision 16},
  author={OpenCL Working Group and others},
  year={2011},
  publisher={Khronos}
}
@article{Adams:1998:RRA:290229.290234,
 author = {Adams,IV, N. I. and Bartley, D. H. and Brooks, G. and Dybvig, R. K. and Friedman, D. P. and Halstead, R. and Hanson, C. and Haynes, C. T. and Kohlbecker, E. and Oxley, D. and Pitman, K. M. and Rozas, G. J. and Steele,Jr., G. L. and Sussman, G. J. and Wand, M. and Abelson, H.},
 title = {Revised5 Report on the Algorithmic Language Scheme},
 journal = {SIGPLAN Not.},
 issue_date = {Sept. 1, 1998},
 volume = {33},
 number = {9},
 month = sep,
 year = {1998},
 issn = {0362-1340},
 pages = {26--76},
 numpages = {51},
 url = {http://doi.acm.org/10.1145/290229.290234},
 doi = {10.1145/290229.290234},
 acmid = {290234},
 publisher = {ACM},
 address = {New York, NY, USA},
} 
@book{CUDAGuide2.0,
    author = {{NVIDIA}},
    keywords = {cuda},
    posted-at = {2008-09-23 23:31:17},
    priority = {0},
    title = {{NVIDIA CUDA Programming Guide 2.0}},
    year = {2008}
}
@inproceedings{holk2011declarative,
  title={Declarative Parallel Programming for GPUs.},
  author={Holk, Eric and Byrd, William E and Mahajan, Nilesh and Willcock, Jeremiah and Chauhan, Arun and Lumsdaine, Andrew},
  booktitle={PARCO},
  pages={297--304},
  year={2011}
}
